<record><leader>00000cas a2200000 a 4500</leader><controlfield tag="001">22502160</controlfield><controlfield tag="008">901012d18941925mnuwr ne      0    0eng c</controlfield><datafield ind1=" " ind2=" " tag="010"><subfield code="a">sn 90060762 </subfield></datafield><datafield ind1=" " ind2=" " tag="040"><subfield code="a">MN#</subfield><subfield code="b">eng</subfield><subfield code="c">MN#</subfield><subfield code="d">NVF</subfield><subfield code="d">OCLCQ</subfield><subfield code="d">OCLCF</subfield><subfield code="d">OCLCO</subfield></datafield><datafield ind1="1" ind2=" " tag="029"><subfield code="a">AU@</subfield><subfield code="b">000025909759</subfield></datafield><datafield ind1=" " ind2=" " tag="042"><subfield code="a">pcc</subfield></datafield><datafield ind1=" " ind2=" " tag="043"><subfield code="a">n-us-mn</subfield></datafield><datafield ind1=" " ind2=" " tag="052"><subfield code="a">4144</subfield><subfield code="b">S9</subfield></datafield><datafield ind1=" " ind2=" " tag="052"><subfield code="a">4143</subfield><subfield code="b">W5</subfield></datafield><datafield ind1="0" ind2=" " tag="130"><subfield code="a">Mirror (Stillwater, Minn. : 1894)</subfield></datafield><datafield ind1="1" ind2="4" tag="245"><subfield code="a">The mirror.</subfield></datafield><datafield ind1=" " ind2=" " tag="260"><subfield code="a">Stillwater, Minn. :</subfield><subfield code="b">Minnesota State Prison,</subfield><subfield code="c">1894-1925.</subfield></datafield><datafield ind1=" " ind2=" " tag="300"><subfield code="a">v.</subfield></datafield><datafield ind1=" " ind2=" " tag="310"><subfield code="a">Weekly</subfield></datafield><datafield ind1="0" ind2=" " tag="362"><subfield code="a">Vol. 7, no. 36 (Apr 12, 1894)-v. 39, no. 20 (Dec. 10, 1925).</subfield></datafield><datafield ind1=" " ind2=" " tag="530"><subfield code="a">Available on microfilm from the Minnesota Historical Society.</subfield></datafield><datafield ind1="2" ind2="0" tag="610"><subfield code="a">Minnesota State Prison (Stillwater, Minn.)</subfield><subfield code="v">Newspapers.</subfield></datafield><datafield ind1=" " ind2="0" tag="650"><subfield code="a">Correctional institutions</subfield><subfield code="z">Minnesota</subfield><subfield code="v">Newspapers.</subfield></datafield><datafield ind1=" " ind2="7" tag="655"><subfield code="a">Newspapers.</subfield><subfield code="2">fast</subfield><subfield code="0">(OCoLC)fst01423814</subfield></datafield><datafield ind1="2" ind2="7" tag="610"><subfield code="a">Minnesota State Prison (Stillwater, Minn.)</subfield><subfield code="2">fast</subfield><subfield code="0">(OCoLC)fst00545634</subfield></datafield><datafield ind1=" " ind2="7" tag="650"><subfield code="a">Correctional institutions.</subfield><subfield code="2">fast</subfield><subfield code="0">(OCoLC)fst00880178</subfield></datafield><datafield ind1=" " ind2="7" tag="651"><subfield code="a">Minnesota.</subfield><subfield code="2">fast</subfield><subfield code="0">(OCoLC)fst01204560</subfield></datafield><datafield ind1="2" ind2=" " tag="710"><subfield code="a">Minnesota State Prison (Stillwater, Minn.)</subfield></datafield><datafield ind1=" " ind2=" " tag="752"><subfield code="a">United States</subfield><subfield code="b">Minnesota</subfield><subfield code="c">Washington</subfield><subfield code="d">Stillwater.</subfield></datafield><datafield ind1="0" ind2="0" tag="780"><subfield code="t">Prison mirror (Stillwater, Minn. : 1887)</subfield><subfield code="w">(DLC)sn 86063465</subfield></datafield><datafield ind1="0" ind2="0" tag="785"><subfield code="t">Prison mirror (Stillwater, Minn. : 1925)</subfield><subfield code="w">(DLC)sn 90060766</subfield></datafield></record>